<collection xmlns="http://www.loc.gov/MARC21/slim"><record><leader>00830nam  2200253   450</leader><controlfield tag="001">124</controlfield><controlfield tag="003">http://montalegre.opacnet.com/OPAC/default.aspx?ContentAreaControl=ShowRegHoldings.ascx&amp;RegNo=16662</controlfield><controlfield tag="005">20</controlfield><datafield tag="021" ind1=" " ind2=" "><subfield code="a">PT</subfield><subfield code="b">17823/87</subfield></datafield><datafield tag="100" ind1=" " ind2=" "><subfield code="a">20120710g1987    m  y0pory010305  ba</subfield></datafield><datafield tag="101" ind1="1" ind2=" "><subfield code="a">por</subfield><subfield code="c">ger</subfield></datafield><datafield tag="102" ind1=" " ind2=" "><subfield code="a">PT</subfield></datafield><datafield tag="105" ind1=" " ind2=" "><subfield code="a">y   z   001ay</subfield></datafield><datafield tag="200" ind1="1" ind2=" "><subfield code="a">&lt;A &gt;morte de Virgílio</subfield><subfield code="f">Hermann Broch</subfield><subfield code="g">trad.: Maria Adélia Silva Melo</subfield></datafield><datafield tag="210" ind1=" " ind2=" "><subfield code="a">Lisboa</subfield><subfield code="c">Relógio d'Água Editores</subfield><subfield code="d">1987</subfield></datafield><datafield tag="215" ind1=" " ind2=" "><subfield code="a">Vol.I: 251</subfield><subfield code="d">21 cm</subfield></datafield><datafield tag="225" ind1="2" ind2=" "><subfield code="a">Ficções</subfield></datafield><datafield tag="304" ind1=" " ind2=" "><subfield code="a">Tít. orig.: Der tod des Vergil</subfield></datafield><datafield tag="675" ind1=" " ind2=" "><subfield code="a">821</subfield><subfield code="v">BN</subfield><subfield code="z">por</subfield></datafield><datafield tag="700" ind1=" " ind2="1"><subfield code="a">Broch</subfield><subfield code="b">Hermann</subfield><subfield code="f">1886-1951</subfield></datafield><datafield tag="702" ind1=" " ind2="1"><subfield code="a">Melo</subfield><subfield code="b">Maria Adélia Silva</subfield><subfield code="4">730</subfield></datafield><datafield tag="801" ind1=" " ind2="0"><subfield code="a">PT</subfield><subfield code="b">Biblioteca Municipal de Montalegre</subfield><subfield code="g">RPC</subfield></datafield><datafield tag="856" ind1=" " ind2=" "><subfield code="u">locateMedia.asp?cod=20060509112540&amp;ext=jpg</subfield><subfield code="z">CAPA</subfield></datafield><datafield tag="909" ind1="&#9;" ind2=" "><subfield code="a">2</subfield></datafield><datafield tag="966" ind1=" " ind2=" "><subfield code="a">0008199</subfield><subfield code="l">BMM</subfield><subfield code="s">SCG 821 BRO mor</subfield></datafield><datafield tag="966" ind1=" " ind2=" "><subfield code="a">0008198</subfield><subfield code="l">BMM</subfield><subfield code="s">SCG 821 BRO mor</subfield></datafield></record></collection>